@book{aiw,
    title = "Alice's Adventures in Wonderland",
    author = "Lewis Carroll",
    publisher = "George MacDonald",
    year = 1865
}

@online{orm,
    title        = "Object Relational Mapping",
    author       = "M Erica",
    url          = "https://medium.com/@emccul13/object-relational-mapping-9d84807f5536",
    urldate      = "2024-02-25",
    year         = 2019,
    organization = "Medium"
}


@manual{mvc,
    title        = "MVC",
    organization = "MDN Web Docs",
    url          = "https://developer.mozilla.org/en-US/docs/Glossary/MVC",
    urldate      = "2024-02-25"
}

@manual{docker,
    url          = "https://docs.docker.com/manuals/",
    title        = "Docker",
    note         = "Version 18.03",
    organization = "Docker Inc.",
    urldate      = "2024-2-25",
    year         = 2020
}

@online{interactive-web,
    url          = "https://mews.agency/blog-post/the-benefits-an-interactive-website-design-offers-your-business/",
    organization       = "MEWS Agency",
    title        = "The Benefits an Interactive Website Design Offers Your Business",
    urldate      = "2024-2-25",
    year         = 2021
}